<?xml version="1.0" encoding="UTF-8"?>
<collection xmlns:xsi="http://www.w3.org/2001/XMLSchema-instance" xsi:schemaLocation="http://www.loc.gov/MARC21/slim http://www.loc.gov/standards/marcxml/schema/MARC21slim.xsd" xmlns="http://www.loc.gov/MARC21/slim">
<record>
  <leader>01248cam a2200277 i 4500</leader>
  <controlfield tag="001">504032</controlfield>
  <controlfield tag="003">NNC</controlfield>
  <controlfield tag="005">20130520211339.0</controlfield>
  <controlfield tag="008">860801m18789999ua            000 0 ara d</controlfield>
  <datafield tag="035" ind1=" " ind2=" ">
    <subfield code="a">(OCoLC)49380144</subfield>
  </datafield>
  <datafield tag="035" ind1=" " ind2=" ">
    <subfield code="a">(OCoLC)ocm49380144</subfield>
  </datafield>
  <datafield tag="035" ind1=" " ind2=" ">
    <subfield code="a">(CStRLIN)NYCG86-B83597</subfield>
  </datafield>
  <datafield tag="035" ind1=" " ind2=" ">
    <subfield code="9">ACE5389CU</subfield>
  </datafield>
  <datafield tag="035" ind1=" " ind2=" ">
    <subfield code="a">(NNC)504032</subfield>
  </datafield>
  <datafield tag="035" ind1=" " ind2=" ">
    <subfield code="a">504032</subfield>
  </datafield>
  <datafield tag="040" ind1=" " ind2=" ">
    <subfield code="a">NNC</subfield>
    <subfield code="c">NNC</subfield>
  </datafield>
  <datafield tag="090" ind1=" " ind2=" ">
    <subfield code="a">BP130.4</subfield>
    <subfield code="b">.M33</subfield>
  </datafield>
  <datafield tag="100" ind1="1" ind2=" ">
    <subfield code="a">Makhdūm al-Mahāʼimī, ʻAlī ibn Aḥmad,</subfield>
    <subfield code="d">1374-1432.</subfield>
  </datafield>
  <datafield tag="240" ind1="1" ind2="0">
    <subfield code="a">Tabṣīr al-Raḥmān wa-taysīr al-Mannān</subfield>
  </datafield>
  <datafield tag="245" ind1="0" ind2="0">
    <subfield code="a">Tafsīr al-Qurʾān al-musammá bi-Tabṣīr al-Raḥmān wa-taysīr al-Mannān baʻḍ mā yushīru ilá iʻjāz al-Qurʾān /</subfield>
    <subfield code="c">taṣnīf ʻAlī al-Mahāyimī. Wa-bi-hāmishihi Nuzhat al-qulūb fī tafsīr gharīb al-Qurʾān / lil-Imām Abī Bakr Muḥammad ibn ʻUzayr al-Sijistānī.</subfield>
  </datafield>
  <datafield tag="260" ind1=" " ind2=" ">
    <subfield code="a">Miṣr :</subfield>
    <subfield code="b">Maṭbaʻat Būlāq,</subfield>
    <subfield code="c">[1878?]-</subfield>
  </datafield>
  <datafield tag="300" ind1=" " ind2=" ">
    <subfield code="a">v. ;</subfield>
    <subfield code="c">27 cm.</subfield>
  </datafield>
  <datafield tag="630" ind1="0" ind2="0">
    <subfield code="a">Qurʼan</subfield>
    <subfield code="x">Criticism, interpretation, etc.</subfield>
  </datafield>
  <datafield tag="700" ind1="1" ind2="2">
    <subfield code="a">Sijistānī, Muḥammad ibn ʻUzayr,</subfield>
    <subfield code="d">-941 or 942.</subfield>
    <subfield code="t">Nuzhat al-qulūb fī tafsīr gharīb al-Qurʼān.</subfield>
    <subfield code="f">1878.</subfield>
  </datafield>
  <datafield tag="740" ind1="0" ind2="1">
    <subfield code="a">Tabṣīr al-Raḥmān.</subfield>
  </datafield>
  <datafield tag="740" ind1="0" ind2="1">
    <subfield code="a">Nuzhat al-qulūb fī tafsīr gharīb al-Qurʾān.</subfield>
  </datafield>
  <datafield tag="955" ind1=" " ind2=" ">
    <subfield code="b">CU54915163</subfield>
    <subfield code="d">off,glx</subfield>
    <subfield code="e">BP130.4 .M33</subfield>
  </datafield>
</record>
</collection>